
@INPROCEEDINGS{8119247, 
author={L. Di Tucci and M. Rabozzi and L. Stornaiuolo and M. D. Santambrogio}, 
booktitle={2017 IEEE International Conference on Computer Design (ICCD)}, 
title={The Role of CAD Frameworks in Heterogeneous FPGA-Based Cloud Systems}, 
year={2017}, 
volume={}, 
number={}, 
pages={423-426}, 
keywords={CAD;Web services;cloud computing;field programmable gate arrays;Amazon Web Services EC2 F1;CAD frameworks;CAOS framework;FPGA acceleration;FPGA-accelerated applications;GPU;N-body simulation problem;SDAccel software;Xilinx FPGA boards;cloud systems;heterogeneous FPGA;heterogneous computing;superior power efficiency;Acceleration;Field programmable gate arrays;Hardware;Kernel;Optimization;Performance evaluation;Runtime;AWS;CAD;F1;FPGA;HPC;HSA}, 
doi={10.1109/ICCD.2017.74}, 
ISSN={1063-6404}, 
month={Nov},}

@misc{aws2016f1,
author = {AMAZON WEB SERVICES AWS},
title = {Instâncias F1 do Amazon EC2},
year = 2016,
url = {https://aws.amazon.com/pt/ec2/instance-types/f1/},
date = {2016},
OPTsubtitle = {teste},
OPTtitleaddon = {•},
OPTlanguage = {•},
OPTversion = {•},
OPTorganization = {•},
OPTmonth = {•},
OPTaddendum = {•},
urlaccessdate = {26 dez. 2017}
}

@misc{xilinx2017,
author = {XILINX},
title = {Virtex UltraScale+ Product Advantage},
year = 2016,
url = {https://www.xilinx.com/products/silicon-devices/fpga/virtex-ultrascale-plus.html#productAdvantages},
date = {2016},
OPTsubtitle = {teste},
OPTlanguage = {•},
OPTversion = {•},
OPTorganization = {•},
OPTmonth = {•},
OPTaddendum = {•},
urlaccessdate = {11 jan. 2017}
}

@misc{fadep2013,
author = {André Bittencourt Leal1},
title = {IMPLANTAÇÃO DE LABORATÓRIO DE AUTOMAÇÃO DA
MANUFATURA COMO MEIO PARA MELHORAR O ENSINO DE
AUTOMAÇÃO EM CURSO DE ENGENHARIA ELÉTRICA},
year = 2013,
url = {http://www.fadep.br/engenharia-eletrica/congresso/pdf/118532_1.pdf},
date = {2013},
OPTsubtitle = {},
OPTtitleaddon = {•},
OPTlanguage = {•},
OPTversion = {•},
OPTorganization = {•},
OPTmonth = {•},
OPTaddendum = {•},
urlaccessdate = {26 mar. 2018}
}

@ARTICLE{7859319, 
author={F. B. Muslim and L. Ma and M. Roozmeh and L. Lavagno}, 
journal={IEEE Access}, 
title={Efficient FPGA Implementation of OpenCL High-Performance Computing Applications via High-Level Synthesis}, 
year={2017}, 
volume={5}, 
number={}, 
pages={2747-2762}, 
keywords={field programmable gate arrays;high level synthesis;parallel processing;FPGA-based accelerators;FPGA-specific OpenCL programming;HLS-based FPGA implementation;OpenCL high-performance computing;high-level languages;high-level synthesis;Algorithm design and analysis;Computer architecture;Field programmable gate arrays;Graphics processing units;Hardware;Kernel;Random access memory;FPGA;GPU;High-level synthesis (HLS);OpenCL;low-power low-energy computations;parallel computing}, 
doi={10.1109/ACCESS.2017.2671881}, 
ISSN={2169-3536}, 
month={},}

@misc{fpgaxilinx,
author = {Xilinx},
title = {Introduction to FPGA
Design with Vivado High-Level Synthesis},
year = 2013,
url = {https://www.xilinx.com/support/documentation/sw_manuals/ug998-vivado-intro-fpga-design-hls.pdf},
date = {2013},
OPTsubtitle = {},
OPTtitleaddon = {•},
OPTlanguage = {•},
OPTversion = {•},
OPTorganization = {•},
OPTmonth = {•},
OPTaddendum = {•},
urlaccessdate = {28 mar. 2018}
}

@misc{berkeley,
author = {Krste Asanovic},
title = {CS152 Laboratory Exercise 2 (Version 1.0.2)},
year = 2018,
url = {https://inst.eecs.berkeley.edu/~cs152/sp18/handouts/lab2-1.0.pdf},
date = {February, 2018},
OPTsubtitle = {},
OPTtitleaddon = {•},
OPTlanguage = {•},
OPTversion = {•},
OPTorganization = {•},
OPTmonth = {•},
OPTaddendum = {•},
urlaccessdate = {28 mar. 2018}
}


@ARTICLE{7086413, 
author={S. M. Trimberger}, 
journal={Proceedings of the IEEE}, 
title={Three Ages of FPGAs: A Retrospective on the First Thirty Years of FPGA Technology}, 
year={2015}, 
volume={103}, 
number={3}, 
pages={318-331}, 
keywords={field programmable gate arrays;FPGA technology;Moore law;field programmable gate arrays;process technology scaling;quantitative effects;Application specific integrated circuits;Computer architecture;Field programmable gate arrays;Logic gates;Reconfigurable architectures;Technological innovation;Transistors;Application-specific integrated circuit (ASIC);Moore's Law;commercialization;economies of scale;field-programmable gate array (FPGA);industrial economics;programmable logic}, 
doi={10.1109/JPROC.2015.2392104}, 
ISSN={0018-9219}, 
month={March},}

@INPROCEEDINGS{6203873, 
author={Y. Jadeja and K. Modi}, 
booktitle={2012 International Conference on Computing, Electronics and Electrical Technologies (ICCEET)}, 
title={Cloud computing - concepts, architecture and challenges}, 
year={2012}, 
volume={}, 
number={}, 
pages={877-880}, 
keywords={cloud computing;distributed processing;grid computing;parallel processing;software architecture;cloud computing;computer science;distributed computing;grid computing;internet;parallel computing;ubiquitous computing;Browsers;Communities;Computational modeling;History;Lead;Monitoring;Reliability;applications;architecture;business component of cloud computing;cloud computing;issues}, 
doi={10.1109/ICCEET.2012.6203873}, 
ISSN={}, 
month={March},}

@INPROCEEDINGS{5942089, 
author={M. Malathi}, 
booktitle={2011 3rd International Conference on Electronics Computer Technology}, 
title={Cloud computing concepts}, 
year={2011}, 
volume={6}, 
number={}, 
pages={236-239}, 
keywords={cloud computing;virtualisation;cloud computing ecosystem;cloud connectivity;cloud delivery model;cloud deployment model;cloud processing power;cloud storage;cloud virtualization;in-house data centers;Biological system modeling;Cloud computing;Computational modeling;Computer architecture;Hardware;Security;Servers;Internet;Resource;Visualization;infrastructure;web services}, 
doi={10.1109/ICECTECH.2011.5942089}, 
ISSN={}, 
month={April},}


@misc{awsOverview,
author = {AMAZON WEB SERVICES AWS},
title = {Overview of Amazon Web Services},
year = 2017,
url = {https://d1.awsstatic.com/whitepapers/aws-overview.pdf},
date = {2017},
OPTsubtitle = {teste},
OPTtitleaddon = {•},
OPTlanguage = {•},
OPTversion = {•},
OPTorganization = {•},
OPTmonth = {•},
OPTaddendum = {•},
urlaccessdate = {16 abril. 2018}
}

@misc{awsInstances,
author = {AMAZON WEB SERVICES AWS},
title = {Tipos de Instâncias},
year = 2017,
url = {https://docs.aws.amazon.com/pt_br/AWSEC2/latest/UserGuide/instance-types.html},
date = {2017},
OPTsubtitle = {teste},
OPTtitleaddon = {•},
OPTlanguage = {•},
OPTversion = {•},
OPTorganization = {•},
OPTmonth = {•},
OPTaddendum = {•},
urlaccessdate = {16 abril. 2018}
}

@misc{awsfaq,
author = {AMAZON WEB SERVICES AWS},
title = {AWS FPGA - Frequently Asked Questions},
year = 2018,
url = {https://github.com/aws/aws-fpga/blob/master/FAQs.md},
date = {2018},
OPTsubtitle = {teste},
OPTtitleaddon = {•},
OPTlanguage = {•},
OPTversion = {•},
OPTorganization = {•},
OPTmonth = {•},
OPTaddendum = {•},
urlaccessdate = {17 abril. 2018}
}

@misc{awscl,
author = {AMAZON WEB SERVICES AWS},
title = {AWS FPGA: Programmer's View of the Custom Logic},
year = 2018,
url = {https://github.com/aws/aws-fpga/blob/master/hdk/docs/Programmer_View.md},
date = {2018},
OPTsubtitle = {teste},
OPTtitleaddon = {•},
OPTlanguage = {•},
OPTversion = {•},
OPTorganization = {•},
OPTmonth = {•},
OPTaddendum = {•},
urlaccessdate = {17 abril. 2018}
}

@misc{awsshell,
author = {AMAZON WEB SERVICES AWS},
title = {AWS Shell Interface Specification},
year = 2018,
url = {https://github.com/aws/aws-fpga/blob/master/hdk/docs/AWS_Shell_Interface_Specification.md},
date = {2018},
OPTsubtitle = {teste},
OPTtitleaddon = {•},
OPTlanguage = {•},
OPTversion = {•},
OPTorganization = {•},
OPTmonth = {•},
OPTaddendum = {•},
urlaccessdate = {17 abril. 2018}
}

@article{yueac,
  title={AC 2012-4107: USING AMAZON EC2 IN COMPUTER AND NETWORK SECURITY LAB EXERCISES: DESIGN, RESULTS, AND ANALYSIS},
  author={Yue, Chuan}
}
